@misc{lowe2017multiagent,
    title={Multi-Agent Actor-Critic for Mixed Cooperative-Competitive Environments},
    author={Ryan Lowe and Yi Wu and Aviv Tamar and Jean Harb and Pieter Abbeel and Igor Mordatch},
    year={2017},
    eprint={1706.02275},
    archivePrefix={arXiv},
    primaryClass={cs.LG}
}